%% This BibTeX bibliography file was created using BibDesk.
%% http://bibdesk.sourceforge.net/


%% Created for Paul Blischak at 2016-04-21 11:22:33 -0400 


%% Saved with string encoding Unicode (UTF-8) 



@misc{openMP,
	Date-Added = {2016-04-21 15:13:04 +0000},
	Date-Modified = {2016-04-21 15:20:00 +0000},
	Title = {{OpenMP} -- \url{http://openmp.org/}.}}

@misc{boostCPP,
	Date-Added = {2016-04-21 15:11:17 +0000},
	Date-Modified = {2016-04-21 15:21:16 +0000},
	Title = {Boost {C}++ {L}ibrary (v1.59.0) -- \url{http://boost.org/}.}}
